@article{afte,
  title = {The Association of Firearm and Tool Mark Examiners: {{Theory}} of Identification as It Relates to Toolmarks},
  author = {{AFTE}},
  year = {1998},
  journal = {AFTE Journal},
  volume = {30},
  number = {1},
  pages = {86--88},
  keywords = {No DOI found}
}

@book{nas2009,
  title = {Strengthening Forensic Science in the United States: {{A}} Path Forward},
  author = {{National Research Council (U.S.)}},
  year = {2009},
  publisher = {National Academies Press}
}

@book{pcast,
  title = {Forensic Science in Criminal Courts: {{Ensuring}} Scientific Validity of Feature-Comparison Methods},
  author = {{President's Council of Advisors on Science and Technology}},
  year = {2016},
  month = sep,
  publisher = {Executive Office of the President of the United States, President's Council},
  address = {Washington, D.C.},
  shortauthor = {PCAST}
}

@article{carriquiryMachineLearningForensic2019,
  title = {Machine Learning in Forensic Applications},
  author = {Carriquiry, Alicia and Hofmann, Heike and Tai, Xiao Hui and VanderPlas, Susan},
  year = {2019},
  journal = {Significance},
  volume = {16},
  number = {2},
  pages = {29--35},
  issn = {1740-9713},
  doi = {10.1111/j.1740-9713.2019.01252.x},
  urldate = {2023-02-24},
  langid = {english}
}

@article{chenFiredBulletSignature2019,
  title = {Fired Bullet Signature Correlation Using the {{Congruent Matching Profile Segments}} ({{CMPS}}) Method},
  author = {Chen, Zhe and Chu, Wei and Soons, Johannes A. and Thompson, Robert M. and Song, John and Zhao, Xuezeng},
  year = {2019},
  month = dec,
  journal = {Forensic Science International},
  volume = {305},
  pages = {109964},
  issn = {0379-0738},
  doi = {10/gn649n},
  urldate = {2020-03-25},
  langid = {english},
  keywords = {CMPS,Congruent matching,Firearm identification,Forensic science,Profile segment,Tool mark},
  annotation = {00001}
}

@article{chuAutomaticIdentificationBullet2013,
  ids = {chuAutomaticIdentificationBullet2013a},
  title = {Automatic Identification of Bullet Signatures Based on Consecutive Matching Striae ({{CMS}}) Criteria},
  author = {Chu, Wei and Thompson, Robert M. and Song, John and Vorburger, Theodore V.},
  year = {2013},
  month = sep,
  journal = {Forensic Science International},
  volume = {231},
  number = {1-3},
  pages = {137--141},
  issn = {03790738},
  doi = {10.1016/j.forsciint.2013.04.025},
  urldate = {2018-08-07},
  langid = {english},
  keywords = {consecutive matching striae,feature profile,forensic science,identification criteria,toolmark identification,topography measurement},
  annotation = {00017}
}

@article{juOpenSourceImplementationCMPS2022,
  title = {An {{Open-Source Implementation}} of the {{CMPS Algorithm}} for {{Assessing Similarity}} of {{Bullets}}},
  author = {Ju, Wangqian and Hofmann, Heike},
  year = {2022},
  month = oct,
  journal = {The R Journal},
  volume = {14},
  number = {2},
  pages = {267--285},
  issn = {2073-4859},
  doi = {10.32614/RJ-2022-035},
  urldate = {2024-10-18}
}

@article{vorburgerApplicationsCrosscorrelationFunctions2011,
  title = {Applications of Cross-Correlation Functions},
  author = {Vorburger, T.V. and Song, J.-F. and Chu, W. and Ma, L. and Bui, S.H. and Zheng, A. and Renegar, T.B.},
  year = {2011},
  month = jun,
  journal = {Wear},
  volume = {271},
  number = {3-4},
  pages = {529--533},
  issn = {00431648},
  doi = {10.1016/j.wear.2010.03.030},
  urldate = {2018-10-09},
  langid = {english},
  keywords = {ccf},
  annotation = {00016}
}

@article{vorburgerTopographyMeasurementsApplications2015,
  title = {Topography Measurements and Applications in Ballistics and Tool Mark Identifications},
  author = {Vorburger, T V and Song, J and Petraco, N},
  year = {2015},
  month = dec,
  journal = {Surface Topography: Metrology and Properties},
  volume = {4},
  number = {1},
  pages = {013002},
  issn = {2051-672X},
  doi = {10/gn65bq},
  urldate = {2018-10-10},
  langid = {english},
  annotation = {00011}
}

@article{wickhamVisualizingStatisticalModels2015,
  title = {Visualizing Statistical Models: {{Removing}} the Blindfold},
  author = {Wickham, Hadley and Cook, Dianne and Hofmann, Heike},
  year = {2015},
  journal = {Statistical Analysis and Data Mining: The ASA Data Science Journal},
  volume = {8},
  number = {4},
  pages = {203--225},
  publisher = {Wiley Subscription Services, Inc., A Wiley Company Hoboken},
  doi = {10.1002/sam.11271},
  keywords = {classification,data mining,exploratory data analysis,high-dimensional data,model visualization}
}

@article{eickHighInteractionGraphics1995,
  title = {High Interaction Graphics},
  author = {Eick, Stephen G. and Wills, Graham J.},
  year = {1995},
  month = mar,
  journal = {European Journal of Operational Research},
  volume = {81},
  number = {3},
  pages = {445--459},
  issn = {0377-2217},
  doi = {10.1016/0377-2217(94)00188-I},
  urldate = {2024-12-12},
  keywords = {Computing,Exploratory data analysis,Interactive graphics}
}

@article{swayneIntroductionSpecialIssue1999,
  title = {Introduction to the Special Issue on Interactive Graphical Data Analysis: {{What}} Is Interaction ?},
  shorttitle = {Introduction to the Special Issue on Interactive Graphical Data Analysis},
  author = {Swayne, Deborah F. and Klinke, Sigbert},
  year = {1999},
  month = mar,
  journal = {Comput. Stat.},
  volume = {14},
  number = {1},
  pages = {1--6},
  issn = {0943-4062},
  doi = {10.1007/PL00022700},
  urldate = {2024-11-23}
}

@article{urbanekIPlotsEXtremeNextgeneration2011,
  title = {{{iPlots eXtreme}}: Next-Generation Interactive Graphics Design and Implementation of Modern Interactive Graphics},
  shorttitle = {{{iPlots eXtreme}}},
  author = {Urbanek, Simon},
  year = {2011},
  month = sep,
  journal = {Computational Statistics},
  volume = {26},
  number = {3},
  pages = {381--393},
  issn = {1613-9658},
  doi = {10.1007/s00180-011-0240-x},
  urldate = {2025-03-12},
  langid = {english},
  keywords = {Data analysis,Interactive graphics,Software}
}

@incollection{willsLinkedDataViews2008,
  title = {Linked {{Data Views}}},
  booktitle = {Handbook of {{Data Visualization}}},
  author = {Wills, Graham},
  editor = {Chen, Chun-houh and H{\"a}rdle, Wolfgang and Unwin, Antony},
  year = {2008},
  pages = {217--241},
  publisher = {Springer},
  address = {Berlin, Heidelberg},
  doi = {10.1007/978-3-540-33037-0_10},
  urldate = {2024-11-23},
  isbn = {978-3-540-33037-0},
  langid = {english},
  keywords = {Data View,Dynamic Graphic,National League,Salary Data,Summary Function}
}

@article{hareAutomaticMatchingBullet2017,
  title = {Automatic Matching of Bullet Land Impressions},
  author = {Hare, Eric and Hofmann, Heike and Carriquiry, Alicia and others},
  year = {2017},
  journal = {The Annals of Applied Statistics},
  volume = {11},
  number = {4},
  pages = {2332--2356},
  publisher = {Institute of Mathematical Statistics},
  doi = {10.1214/17-AOAS1080},
  keywords = {3D topological surface measurement,cross-correlation function,data visualization,feature importance,machine learning,No DOI found,Statistics - Applications},
  annotation = {00012}
}

@manual{hofmannBulletxtrctrAutomaticMatching2022,
  type = {Manual},
  title = {Bulletxtrctr: {{Automatic}} Matching of Bullet Striae},
  author = {Hofmann, Heike and Vanderplas, Susan and Ju, Will and Krishnan, Ganesh},
  year = {2022},
  url = {https://github.com/heike/bulletxtrctr}
}

@article{clevelandRobustLocallyWeighted1979,
  title = {Robust {{Locally Weighted Regression}} and {{Smoothing Scatterplots}}},
  author = {Cleveland, William S.},
  year = {1979},
  month = dec,
  journal = {Journal of the American Statistical Association},
  volume = {74},
  number = {368},
  pages = {829--836},
  publisher = {ASA Website},
  issn = {0162-1459},
  doi = {10.1080/01621459.1979.10481038},
  urldate = {2024-11-14},
  keywords = {Graphics,Nonparametric regression,Robust estimation,Scatterplots,Smoothing}
}

@article{songProposedBulletSignature2000a,
  title = {Proposed {{Bullet Signature Comparisons Using Autocorrelation Functions}}},
  author = {Song, Jun-Feng and Vorburger, Theodore V.},
  year = {2000},
  month = jul,
  journal = {NIST},
  publisher = {Jun-Feng Song, Theodore V. Vorburger},
  url = {https://www.nist.gov/publications/proposed-bullet-signature-comparisons-using-autocorrelation-functions},
  urldate = {2023-12-11},
  langid = {english},
  keywords = {No DOI found},
  annotation = {Last Modified: 2017-02-19T20:02-05:00}
}

@book{wickhamGgplot2ElegantGraphics2016,
  title = {Ggplot2: {{Elegant}} Graphics for Data Analysis},
  author = {Wickham, Hadley},
  year = {2016},
  publisher = {Springer-Verlag New York},
  url = {https://ggplot2.tidyverse.org},
  isbn = {978-3-319-24277-4}
}

@book{sievertInteractiveWebbasedData2020,
  title = {Interactive Web-Based Data Visualization with {{R}}, Plotly, and Shiny},
  author = {Sievert, Carson},
  year = {2020},
  publisher = {{Chapman and Hall/CRC}},
  url = {https://plotly-r.com},
  isbn = {978-1-138-33145-7}
}

@manual{vaidyanathanHtmlwidgetsHTMLWidgets2023,
  type = {Manual},
  title = {Htmlwidgets: {{HTML}} Widgets for {{R}}},
  author = {Vaidyanathan, Ramnath and Xie, Yihui and Allaire, {\relax JJ} and Cheng, Joe and Sievert, Carson and Russell, Kenton},
  year = {2023},
  url = {https://CRAN.R-project.org/package=htmlwidgets}
}
